@book{Hopcroft,
author = {John E. Hopcroft and Jeffrey D. Ullman},
title = {Einführung in die Automatentheorie, Formale Sprachen und Komplexitätstheorie},
year = {1988},
publisher = {Addison-Wesley},
isbn = {3-925118-82-9}
}
@book{Sipser,
author = {Michael Sipser},
title = {Introduction to the Theory of Computation},
year = {2013},
isbn = {978-1-133-18781-3},
publisher = {Cengage Learning},
edition = {3}
}
@book {Ben-Ari,
author = {Mordechai Ben-Ari},
title = {Mathematical Logic for Computer Science},
year = {2001},
isbn = {1-85233-319-7},
edition = {2},
publisher = {Springer-Verlag},
location = {London}
}
